<record><leader>00000cas a22000007a 4500</leader><controlfield tag="001">20127034</controlfield><controlfield tag="008">890804d18901948maudn ne      0    0eng d</controlfield><datafield ind1=" " ind2=" " tag="010"><subfield code="a">sn 89062144 </subfield></datafield><datafield ind1=" " ind2=" " tag="040"><subfield code="a">MGN</subfield><subfield code="b">eng</subfield><subfield code="c">MGN</subfield><subfield code="d">NSD</subfield><subfield code="d">MGN</subfield><subfield code="d">OCLCQ</subfield></datafield><datafield ind1=" " ind2=" " tag="042"><subfield code="a">msc</subfield></datafield><datafield ind1="0" ind2="0" tag="245"><subfield code="a">Chelsea evening record.</subfield></datafield><datafield ind1=" " ind2=" " tag="260"><subfield code="a">Chelsea, Mass. :</subfield><subfield code="b">S.H. Robie</subfield></datafield><datafield ind1=" " ind2=" " tag="300"><subfield code="a">v.</subfield></datafield><datafield ind1=" " ind2=" " tag="310"><subfield code="a">Daily (except Sun.)</subfield></datafield><datafield ind1="1" ind2=" " tag="362"><subfield code="a">Began Dec. 17, 1890.</subfield></datafield><datafield ind1="0" ind2=" " tag="362"><subfield code="a">-v. 57, no. 228 (Sept. 15, 1948).</subfield></datafield><datafield ind1=" " ind2=" " tag="515"><subfield code="a">Suspension due to fire on Apr. 10, 1908, &lt;Apr. 11-26, 1908&gt;.</subfield></datafield><datafield ind1=" " ind2=" " tag="515"><subfield code="a">Discontinued ca. 1895 for approximately a year.</subfield></datafield><datafield ind1=" " ind2=" " tag="588"><subfield code="a">Description based on: Vol. 18, no. 100 (Apr. 27, 1908).</subfield></datafield><datafield ind1=" " ind2=" " tag="752"><subfield code="a">United States</subfield><subfield code="b">Massachusetts</subfield><subfield code="c">Suffolk</subfield><subfield code="d">Chelsea.</subfield></datafield><datafield ind1="0" ind2="5" tag="780"><subfield code="t">Chelsea gazette</subfield><subfield code="w">(DLC)sn 89062142</subfield></datafield><datafield ind1="0" ind2="0" tag="785"><subfield code="t">Chelsea record</subfield><subfield code="x">1054-6529</subfield><subfield code="w">(DLC)sn 89062145</subfield><subfield code="w">(OCoLC)20127037</subfield></datafield><datafield ind1="1" ind2=" " tag="029"><subfield code="a">AU@</subfield><subfield code="b">000025850228</subfield></datafield></record>